<record><leader>00000cas a22000007a 4500</leader><controlfield tag="001">16704714</controlfield><controlfield tag="008">870917d19211946iauwr ne      0    0eng d</controlfield><datafield ind1=" " ind2=" " tag="010"><subfield code="a">sn 87058522 </subfield></datafield><datafield ind1=" " ind2=" " tag="040"><subfield code="a">INP</subfield><subfield code="b">eng</subfield><subfield code="c">INP</subfield><subfield code="d">OCLCQ</subfield></datafield><datafield ind1=" " ind2=" " tag="042"><subfield code="a">msc</subfield></datafield><datafield ind1="0" ind2=" " tag="130"><subfield code="a">Cherokee chief (Cherokee, Iowa : 1921)</subfield></datafield><datafield ind1="1" ind2="4" tag="245"><subfield code="a">The Cherokee chief.</subfield></datafield><datafield ind1=" " ind2=" " tag="260"><subfield code="a">Cherokee, Iowa :</subfield><subfield code="b">Chief Pub. Co.,</subfield><subfield code="c">1921-</subfield></datafield><datafield ind1=" " ind2=" " tag="300"><subfield code="a">v.</subfield></datafield><datafield ind1=" " ind2=" " tag="310"><subfield code="a">Weekly,</subfield><subfield code="b">&lt;Sept. 27, 1928-1946&gt;</subfield></datafield><datafield ind1=" " ind2=" " tag="321"><subfield code="a">Semiweekly,</subfield><subfield code="b">Nov. 3, 1921-&lt;Aug. 30, 1928&gt;</subfield></datafield><datafield ind1="0" ind2=" " tag="362"><subfield code="a">Vol. 36, no. 87 (Nov. 3, 1921)-</subfield></datafield><datafield ind1="1" ind2=" " tag="362"><subfield code="a">Ceased in 1946.</subfield></datafield><datafield ind1=" " ind2=" " tag="500"><subfield code="a">Publisher varies.</subfield></datafield><datafield ind1=" " ind2=" " tag="752"><subfield code="a">United States</subfield><subfield code="b">Iowa</subfield><subfield code="c">Cherokee</subfield><subfield code="d">Cherokee.</subfield></datafield><datafield ind1="0" ind2="0" tag="780"><subfield code="t">Semi-weekly Democrat (Cherokee, Iowa)</subfield><subfield code="w">(DLC)sn 87058521</subfield></datafield><datafield ind1="0" ind2="7" tag="785"><subfield code="t">Cherokee daily times (Cherokee, Iowa : 1928)</subfield><subfield code="w">(DLC)sn 88059477</subfield></datafield><datafield ind1="0" ind2="7" tag="785"><subfield code="t">Cherokee daily times and Cherokee chief</subfield><subfield code="w">(DLC)sn 87058525</subfield></datafield></record>